@Article{         feilhauer2016def,
  title         = {DEF-a programming language agnostic framework and
                  execution environment for the parallel execution of library
                  routines},
  author        = {Feilhauer, Thomas and Sobotka, Martin},
  journal       = {Journal of Cloud Computing},
  volume        = {5},
  number        = {1},
  pages         = {20},
  year          = {2016},
  publisher     = {Springer Berlin Heidelberg}
}

@Article{         hadar2013intuition,
  title         = {When intuition and logic clash: The case of the
                  object-oriented paradigm},
  author        = {Hadar, Irit},
  journal       = {Science of Computer Programming},
  volume        = {78},
  number        = {9},
  pages         = {1407--1426},
  year          = {2013},
  publisher     = {Elsevier}
}

@Article{         kaur2010component,
  title         = {Component based software engineering},
  author        = {Kaur, Arvinder and Mann, Kulvinder Singh},
  journal       = {International Journal of Computer Applications},
  volume        = {2},
  number        = {1},
  pages         = {105--108},
  year          = {2010},
  publisher     = {International Journal of Computer Applications, 244 5 th
                  Avenue,\# 1526, New York, NY 10001, USA India}
}

@InProceedings{   mcilroy1968mass,
  title         = {Mass-produced software components},
  author        = {McIlroy, M Douglas and Buxton, J and Naur, Peter and
                  Randell, Brian},
  booktitle     = {Proceedings of the 1st International Conference on
                  Software Engineering, Garmisch Pattenkirchen, Germany},
  pages         = {88--98},
  year          = {1968}
}

@Misc{            conway2003parallel,
  title         = {Parallel Processing on the Cheap: Using Unix Pipes to Run
                  SAS Programs in Parallel. SAS Users Group International
                  (SUGI 28) Proceedings. March 30--April 2, 2003. Seattle,
                  Washington},
  author        = {Conway, Ted},
  year          = {2003}
}

@Misc{            beakernotebook,
  title         = {Beaker Notebook},
  author        = {Bob Watson},
  howpublished  = {\url{http://beakernotebook.com/index}},
  note          = {Accessed: 2017-05-30}
}


@Misc{            dos7command,
  title         = {DOS 7 Command},
  author        = {Two Sigma Open Source, LLC ("TSOS")},
  howpublished  = {\url{http://www.lagmonster.org/docs/DOS7/pipes.html}},
  note          = {Accessed: 2017-06-19}
}

@Article{         prechelt2000empirical,
  title         = {An empirical comparison of seven programming languages},
  author        = {Prechelt, Lutz},
  journal       = {Computer},
  volume        = {33},
  number        = {10},
  pages         = {23--29},
  year          = {2000},
  publisher     = {IEEE}
}
